<record><leader>00000cas a22000007a 4500</leader><controlfield tag="001">2263420</controlfield><controlfield tag="008">760620d17941839pauwr ne      0    0eng d</controlfield><datafield ind1=" " ind2=" " tag="010"><subfield code="a">sn 83025979 </subfield></datafield><datafield ind1=" " ind2=" " tag="040"><subfield code="a">PIT</subfield><subfield code="b">eng</subfield><subfield code="c">PIT</subfield><subfield code="d">NPV</subfield><subfield code="d">NPU</subfield><subfield code="d">NPH</subfield><subfield code="d">NPA</subfield><subfield code="d">DLC</subfield><subfield code="d">NPX</subfield><subfield code="d">NPH</subfield><subfield code="d">NPA</subfield><subfield code="d">NPH</subfield><subfield code="d">YOX</subfield><subfield code="d">NVF</subfield><subfield code="d">MGN</subfield><subfield code="d">FUG</subfield><subfield code="d">NVK</subfield><subfield code="d">NYS</subfield><subfield code="d">OCL</subfield><subfield code="d">OCLCG</subfield><subfield code="d">KRTAS</subfield><subfield code="d">DLC</subfield><subfield code="d">OCLCQ</subfield><subfield code="d">OCLCF</subfield><subfield code="d">OCLCQ</subfield></datafield><datafield ind1="0" ind2=" " tag="041"><subfield code="a">eng</subfield><subfield code="a">ger</subfield></datafield><datafield ind1=" " ind2=" " tag="042"><subfield code="a">msc</subfield></datafield><datafield ind1=" " ind2=" " tag="043"><subfield code="a">n-us-pa</subfield></datafield><datafield ind1=" " ind2=" " tag="045"><subfield code="a">v9w3</subfield></datafield><datafield ind1="0" ind2="0" tag="050"><subfield code="a">Newspaper</subfield></datafield><datafield ind1=" " ind2=" " tag="052"><subfield code="a">3823</subfield><subfield code="b">L3</subfield></datafield><datafield ind1="0" ind2=" " tag="130"><subfield code="a">Lancaster journal (Lancaster, Pa.)</subfield></datafield><datafield ind1="1" ind2="4" tag="245"><subfield code="a">The Lancaster journal.</subfield></datafield><datafield ind1="1" ind2=" " tag="246"><subfield code="i">Occasionally published from &lt;Sept. 18, 1799-Mar. 21, 1804&gt; as:</subfield><subfield code="a">Lancaster journal. Extra</subfield></datafield><datafield ind1=" " ind2=" " tag="260"><subfield code="a">Lancaster [Pa.] :</subfield><subfield code="b">Printed by Henry Willcocks</subfield></datafield><datafield ind1=" " ind2=" " tag="300"><subfield code="a">volumes ;</subfield><subfield code="c">38-53 cm</subfield></datafield><datafield ind1=" " ind2=" " tag="310"><subfield code="a">Weekly,</subfield><subfield code="b">Jan. 1820-1839</subfield></datafield><datafield ind1=" " ind2=" " tag="321"><subfield code="a">Semiweekly,</subfield><subfield code="b">&lt;Dec. 21, 1799-Oct. 19, 1804&gt;</subfield></datafield><datafield ind1=" " ind2=" " tag="321"><subfield code="a">Triweekly,</subfield><subfield code="b">&lt;Nov. 1, 1816-Mar. 7, 1817&gt;</subfield></datafield><datafield ind1=" " ind2=" " tag="336"><subfield code="a">text</subfield><subfield code="b">txt</subfield><subfield code="2">rdacontent</subfield></datafield><datafield ind1=" " ind2=" " tag="337"><subfield code="a">unmediated</subfield><subfield code="b">n</subfield><subfield code="2">rdamedia</subfield></datafield><datafield ind1=" " ind2=" " tag="338"><subfield code="a">volume</subfield><subfield code="b">nc</subfield><subfield code="2">rdacarrier</subfield></datafield><datafield ind1="1" ind2=" " tag="362"><subfield code="a">Began June 18, 1794?</subfield></datafield><datafield ind1="1" ind2=" " tag="362"><subfield code="a">Ceased in Oct. 1839. Cf. Salisbury, R. Pa. newspapers.</subfield></datafield><datafield ind1=" " ind2=" " tag="500"><subfield code="a">Editor: John Reynolds, 1820-&lt;1827&gt;.</subfield></datafield><datafield ind1=" " ind2=" " tag="525"><subfield code="a">Supplements accompany some issues.</subfield></datafield><datafield ind1=" " ind2=" " tag="530"><subfield code="a">Also issued on microfilm by University Microfilms International, and from West Virginia University Library Photoduplication section.</subfield></datafield><datafield ind1=" " ind2=" " tag="546"><subfield code="a">In English; some notices in German, &lt;1820&gt;.</subfield></datafield><datafield ind1=" " ind2=" " tag="588"><subfield code="a">Description based on: Vol. 1, no. 38 (Mar. 4, 1795).</subfield></datafield><datafield ind1=" " ind2="0" tag="651"><subfield code="a">Lancaster (Pa.)</subfield><subfield code="v">Newspapers.</subfield></datafield><datafield ind1=" " ind2="0" tag="651"><subfield code="a">Lancaster County (Pa.)</subfield><subfield code="v">Newspapers.</subfield></datafield><datafield ind1=" " ind2="7" tag="651"><subfield code="a">Pennsylvania</subfield><subfield code="z">Lancaster.</subfield><subfield code="2">fast</subfield><subfield code="0">(OCoLC)fst01206374</subfield></datafield><datafield ind1=" " ind2="7" tag="651"><subfield code="a">Pennsylvania</subfield><subfield code="z">Lancaster County.</subfield><subfield code="2">fast</subfield><subfield code="0">(OCoLC)fst01205236</subfield></datafield><datafield ind1=" " ind2="7" tag="655"><subfield code="a">Newspapers.</subfield><subfield code="2">fast</subfield><subfield code="0">(OCoLC)fst01423814</subfield></datafield><datafield ind1="1" ind2=" " tag="700"><subfield code="a">Willcocks, Henry.</subfield></datafield><datafield ind1="1" ind2=" " tag="700"><subfield code="a">Hamilton, William,</subfield><subfield code="d">1771?-1820.</subfield></datafield><datafield ind1="1" ind2=" " tag="700"><subfield code="a">Huss, John.</subfield></datafield><datafield ind1="1" ind2=" " tag="700"><subfield code="a">Brenner, Henry.</subfield></datafield><datafield ind1="1" ind2=" " tag="700"><subfield code="a">Reynolds, John.</subfield></datafield><datafield ind1=" " ind2=" " tag="752"><subfield code="a">United States</subfield><subfield code="b">Pennsylvania</subfield><subfield code="c">Lancaster</subfield><subfield code="d">Lancaster.</subfield></datafield><datafield ind1="0" ind2="7" tag="785"><subfield code="t">Lancaster intelligencer (Lancaster, Pa. : 1821)</subfield><subfield code="w">(DLC)sn 83032299</subfield><subfield code="w">(OCoLC)2263419</subfield></datafield><datafield ind1="0" ind2="7" tag="785"><subfield code="t">Intelligencer &amp; journal (Lancaster, Pa. : 1839)</subfield><subfield code="w">(DLC)sn 86083463</subfield><subfield code="w">(OCoLC)14293783</subfield></datafield><datafield ind1=" " ind2=" " tag="938"><subfield code="a">Kirtas Technologies, Inc.</subfield><subfield code="b">KRTS</subfield><subfield code="n">735625</subfield></datafield><datafield ind1="1" ind2=" " tag="029"><subfield code="a">AU@</subfield><subfield code="b">000025818597</subfield></datafield></record>